
@INPROCEEDINGS{schirrmeisterdeeppathology,
author={Schirrmeister, R. and Gemein, L. and Eggensperger, K. and Hutter, F. and Ball, T.},
booktitle={2017 IEEE Signal Processing in Medicine and Biology Symposium (SPMB)},   title={Deep learning with convolutional neural networks for decoding and visualization of EEG pathology},
year={2017},
volume={},
number={},
pages={1-7},
doi={10.1109/SPMB.2017.8257015}}


@article{gemein2020machine,
  title={Machine-learning-based diagnostics of EEG pathology},
  author={Gemein, Lukas AW and Schirrmeister, Robin T and Chrab{\k{a}}szcz, Patryk and Wilson, Daniel and Boedecker, Joschka and Schulze-Bonhage, Andreas and Hutter, Frank and Ball, Tonio},
  journal={NeuroImage},
  volume={220},
  pages={117021},
  year={2020},
  publisher={Elsevier}
}



@article {schirrmeisterdeephbm2017,
author = {Schirrmeister, Robin Tibor and Springenberg, Jost Tobias and Fiederer,
  Lukas Dominique Josef and Glasstetter, Martin and Eggensperger, Katharina and Tangermann, Michael and
  Hutter, Frank and Burgard, Wolfram and Ball, Tonio},
title = {Deep learning with convolutional neural networks for EEG decoding and visualization},
journal = {Human Brain Mapping},
issn = {1097-0193},
url = {http://dx.doi.org/10.1002/hbm.23730},
doi = {10.1002/hbm.23730},
month = {aug},
year = {2017},
keywords = {electroencephalography, EEG analysis, machine learning, end-to-end learning, brain–machine interface,
  brain–computer interface, model interpretability, brain mapping},
}


@inproceedings{heilmeyer2018large,
  title={A large-scale evaluation framework for EEG deep learning architectures},
  author={Heilmeyer, Felix A and Schirrmeister, Robin T and Fiederer, Lukas DJ and Volker, Martin and Behncke, Joos and Ball, Tonio},
  booktitle={2018 IEEE International Conference on Systems, Man, and Cybernetics (SMC)},
  pages={1039--1045},
  year={2018},
  organization={IEEE}
}


@INPROCEEDINGS{wangsheep,

  author={Wang, X. and Gkogkidis, C. A. and Schirrmeister, R. T. and Heilmeyer, F. A. and Gierthmuehlen, M. and Kohler, F. and Schuettler, M. and Stieglitz, T. and Ball, T.},

  booktitle={2018 IEEE-EMBS Conference on Biomedical Engineering and Sciences (IECBES)}, 

  title={Deep Learning for micro-Electrocorticographic (µECoG) Data}, 

  year={2018},

  volume={},

  number={},

  pages={63-68},

  doi={10.1109/IECBES.2018.8626607}}


@inproceedings{behncke2018cross,
  title={Cross-paradigm pretraining of convolutional networks improves intracranial EEG decoding},
  author={Behncke, Joos and Schirrmeister, Robin Tibor and Volker, Martin and Hammer, Jiri and Marusic, Petr and Schulze-Bonhage, Andreas and Burgard, Wolfram and Ball, Tonio},
  booktitle={2018 IEEE International Conference on Systems, Man, and Cybernetics (SMC)},
  pages={1046--1053},
  year={2018},
  organization={IEEE}
}



@inproceedings{volker2018intracranial,
  title={Intracranial error detection via deep learning},
  author={V{\"o}lker, Martin and Hammer, Jiri and Schirrmeister, Robin T and Behncke, Joos and Fiederer, Lukas DJ and Schulze-Bonhage, Andreas and Marusic, Petr and Burgard, Wolfram and Ball, Tonio},
  booktitle={2018 IEEE International Conference on Systems, Man, and Cybernetics (SMC)},
  pages={568--575},
  year={2018},
  organization={IEEE}
}



@inproceedings{behncke2018signature,
  title={The signature of robot action success in EEG signals of a human observer: Decoding and visualization using deep convolutional neural networks},
  author={Behncke, Joos and Schirrmeister, Robin T and Burgard, Wolfram and Ball, Tonio},
  booktitle={2018 6th international conference on brain-computer interface (BCI)},
  pages={1--6},
  year={2018},
  organization={IEEE}
}

@inproceedings{volker2018deep,
  title={Deep transfer learning for error decoding from non-invasive EEG},
  author={V{\"o}lker, Martin and Schirrmeister, Robin T and Fiederer, Lukas DJ and Burgard, Wolfram and Ball, Tonio},
  booktitle={2018 6th International Conference on Brain-Computer Interface (BCI)},
  pages={1--6},
  year={2018},
  organization={IEEE}
}

@inproceedings{burget2017acting,
  title={Acting thoughts: Towards a mobile robotic service assistant for users with limited communication skills},
  author={Burget, Felix and Fiederer, Lukas Dominique Josef and Kuhner, Daniel and V{\"o}lker, Martin and Aldinger, Johannes and Schirrmeister, Robin Tibor and Do, Chau and Boedecker, Joschka and Nebel, Bernhard and Ball, Tonio and others},
  booktitle={2017 European Conference on Mobile Robots (ECMR)},
  pages={1--6},
  year={2017},
  organization={IEEE}
}


@inproceedings{hartmann2018hierarchical,
  title={Hierarchical internal representation of spectral features in deep convolutional networks trained for EEG decoding},
  author={Hartmann, Kay Gregor and Schirrmeister, Robin Tibor and Ball, Tonio},
  booktitle={2018 6th International Conference on Brain-Computer Interface (BCI)},
  pages={1--6},
  year={2018},
  organization={IEEE}
}


